@book{jhonson-2,
  title={Professional Java development with the Spring framework},
  author={Johnson, Rod and Hoeller, Juergen and Arendsen, Alef and Thomas, R},
  year={2009},
  publisher={John Wiley \& Sons}
}

@article{johnson2004spring,
	title={The spring framework-reference documentation},
	author={Johnson, Rod and Hoeller, Juergen and Donald, Keith and Sampaleanu, Colin and Harrop, Rob and Risberg, Thomas and Arendsen, Alef and Davison, Darren and Kopylenko, Dmitriy and Pollack, Mark and others},
	journal={interface},
	volume={21},
	pages={27},
	year={2004}
}